% This file was created with JabRef 2.11.1.
% Encoding: UTF8


@article {ASTUDY, 
	title={A study on the approaches of developing a Named Entity Recognition tool},
	author={Mahanta, H},
	journal={International Journal of Research in Engineering and Technology},
	volume={2},
	year={2013},
	publisher={Citeseer}
}

@inproceedings{Rau,
	title={Extracting company names from text},
	author={Rau, Lisa F},
	booktitle={[1991] Proceedings. The Seventh IEEE Conference on Artificial Intelligence Application},
	volume={1},
	pages={29--32},
	year={1991},
	organization={IEEE}
}

@inproceedings{Kim,
	title={A rule-based named entity recognition system for speech input},
	author={Kim, Ji-Hwan and Woodland, Philip C},
	booktitle={Sixth International Conference on Spoken Language Processing},
	year={2000}
}

@article{Hanisch,
	title={ProMiner: rule-based protein and gene entity recognition},
	author={Hanisch, Daniel and Fundel, Katrin and Mevissen, Heinz-Theodor and Zimmer, Ralf and Fluck, Juliane},
	journal={BMC bioinformatics},
	volume={6},
	number={1},
	pages={S14},
	year={2005},
	publisher={BioMed Central}
}

@article{Quimbaya,
	title={Named entity recognition over electronic health records through a combined dictionary-based approach},
	author={Quimbaya, Alexandra Pomares and M{\'u}nera, Alejandro Sierra and Rivera, Rafael Andr{\'e}s Gonz{\'a}lez and Rodr{\'\i}guez, Juli{\'a}n Camilo Daza and Velandia, Oscar Mauricio Mu{\~n}oz and Pe{\~n}a, Angel Alberto Garcia and Labb{\'e}, Cyril},
	journal={Procedia Computer Science},
	volume={100},
	pages={55--61},
	year={2016},
	publisher={Elsevier}
}

@article{Nadeau,
	title={A survey of named entity recognition and classification},
	author={Nadeau, David and Sekine, Satoshi},
	journal={Lingvisticae Investigationes},
	volume={30},
	number={1},
	pages={3--26},
	year={2007},
	publisher={John Benjamins}
}

@inproceedings{Settles,
	title={Biomedical named entity recognition using conditional random fields and rich feature sets},
	author={Settles, Burr},
	booktitle={Proceedings of the International Joint Workshop on Natural Language Processing in Biomedicine and its Applications (NLPBA/BioNLP)},
	year={2004}
}

@inproceedings{Ravin,
	title={ESpotter: Adaptive named entity recognition for web browsing},
	author={Zhu, Jianhan and Uren, Victoria and Motta, Enrico},
	booktitle={Biennial Conference on Professional Knowledge Management/Wissensmanagement},
	pages={518--529},
	year={2005},
	organization={Springer}
}

@article{Eddy,
	title={Hidden markov models},
	author={Eddy, Sean R},
	journal={Current opinion in structural biology},
	volume={6},
	number={3},
	pages={361--365},
	year={1996},
	publisher={Elsevier}
}

@article{Quinlan,
  title={Induction of decision trees},
  author={Quinlan, J. Ross},
  journal={Machine learning},
  volume={1},
  number={1},
  pages={81--106},
  year={1986},
  publisher={Springer}
}

@book{Kapur,
  title={Maximum-entropy models in science and engineering},
  author={Kapur, Jagat Narain},
  year={1989},
  publisher={John Wiley \& Sons}
}

@article{Hearst,
  title={Support vector machines},
  author={Hearst, Marti A. and Dumais, Susan T and Osuna, Edgar and Platt, John and Scholkopf, Bernhard},
  journal={IEEE Intelligent Systems and their applications},
  volume={13},
  number={4},
  pages={18--28},
  year={1998},
  publisher={IEEE}
}

@article{Lafferty,
  title={Conditional random fields: Probabilistic models for segmenting and labeling sequence data},
  author={Lafferty, John and McCallum, Andrew and Pereira, Fernando CN},
  year={2001}
}

@inproceedings{Brin,
  title={Extracting patterns and relations from the world wide web},
  author={Brin, Sergey},
  booktitle={International Workshop on The World Wide Web and Databases},
  pages={172--183},
  year={1998},
  organization={Springer}
}

@inproceedings{Heng,
  title={Knowledge base population: Successful approaches and challenges},
  author={Ji, Heng and Grishman, Ralph},
  booktitle={Proceedings of the 49th annual meeting of the association for computational linguistics: Human language technologies-volume 1},
  pages={1148--1158},
  year={2011},
  organization={Association for Computational Linguistics}
}

@inproceedings{McName,
  title={Entity extraction without language-specific resources},
  author={McNamee, Paul and Mayfield, James},
  booktitle={proceedings of the 6th conference on Natural language learning-Volume 20},
  pages={1--4},
  year={2002},
  organization={Association for Computational Linguistics}
}

@inproceedings{Isozki,
  title={Efficient support vector classifiers for named entity recognition},
  author={Isozaki, Hideki and Kazawa, Hideto},
  booktitle={Proceedings of the 19th international conference on Computational linguistics-Volume 1},
  pages={1--7},
  year={2002},
  organization={Association for Computational Linguistics}
}

@inproceedings{Li,
  title={SVM based learning system for information extraction},
  author={Li, Yaoyong and Bontcheva, Kalina and Cunningham, Hamish},
  booktitle={International Workshop on Deterministic and Statistical Methods in Machine Learning},
  pages={319--339},
  year={2004},
  organization={Springer}
}

@inproceedings{McCallum,
  title={Early results for named entity recognition with conditional random fields, feature induction and web-enhanced lexicons},
  author={McCallum, Andrew and Li, Wei},
  booktitle={Proceedings of the seventh conference on Natural language learning at HLT-NAACL 2003-Volume 4},
  pages={188--191},
  year={2003},
  organization={Association for Computational Linguistics}
}

@article{hyx,
  title={基于 CRF 和规则相结合的地理命名实体识别方法},
  author={何炎祥 and 罗楚威 and 胡彬尧 and others},
  journal={计算机应用与软件},
  volume={32},
  number={1},
  pages={179r185--202},
  year={2015},
  publisher={上海市计算技术研究所| 上海计算机软件技术开发中心}
}

@phdthesis{zsx,
  title={信息抽取中关键技术的研究},
  author={张素香},
  year={2007},
  school={北京邮电大学博士学位论文}
}

@article{Collobert,
  title={Natural language processing (almost) from scratch},
  author={Collobert, Ronan and Weston, Jason and Bottou, L{\'e}on and Karlen, Michael and Kavukcuoglu, Koray and Kuksa, Pavel},
  journal={Journal of machine learning research},
  volume={12},
  number={Aug},
  pages={2493--2537},
  year={2011}
}


@article{Nguyen,
  title={Toward mention detection robustness with recurrent neural networks},
  author={Nguyen, Thien Huu and Sil, Avirup and Dinu, Georgiana and Florian, Radu},
  journal={arXiv preprint arXiv:1602.07749},
  year={2016}
}

@article{Yao,
  title={Biomedical named entity recognition based on deep neutral network},
  author={Yao, Lin and Liu, Hong and Liu, Yi and Li, Xinxin and Anwar, Muhammad Waqas},
  journal={Int. J. Hybrid Inf. Technol},
  volume={8},
  number={8},
  pages={279--288},
  year={2015}
}

@inproceedings{Kuru,
  title={Charner: Character-level named entity recognition},
  author={Kuru, Onur and Can, Ozan Arkan and Yuret, Deniz},
  booktitle={Proceedings of COLING 2016, the 26th International Conference on Computational Linguistics: Technical Papers},
  pages={911--921},
  year={2016}
}

@article{myh,
  title={基于加权词向量和 LSTM-CNN 的微博文本分类研究},
  author={马远浩 and 曾卫明 and 石玉虎 and 徐鹏},
  journal={现代计算机 (专业版)},
  number={25},
  pages={5},
  year={2018}
}

@inproceedings{Ma,
  title={End-to-end Sequence Labeling via Bi-directional LSTM-CNNs-CRF},
  author={Ma, Xuezhe and Hovy, Eduard},
  booktitle={Proceedings of the 54th Annual Meeting of the Association for Computational Linguistics (Volume 1: Long Papers)},
  volume={1},
  pages={1064--1074},
  year={2016}
}

@inproceedings{Yang,
  title={Neural Reranking for Named Entity Recognition},
  author={Yang, Jie and Zhang, Yue and Dong, Fei},
  booktitle={Proceedings of the International Conference Recent Advances in Natural Language Processing, RANLP 2017},
  pages={784--792},
  year={2017}
}

@inproceedings{Lample,
  title={Neural Architectures for Named Entity Recognition},
  author={Lample, Guillaume and Ballesteros, Miguel and Subramanian, Sandeep and Kawakami, Kazuya and Dyer, Chris},
  booktitle={Proceedings of the 2016 Conference of the North American Chapter of the Association for Computational Linguistics: Human Language Technologies},
  pages={260--270},
  year={2016}
}

@article{Huang,
  title={Bidirectional LSTM-CRF models for sequence tagging},
  author={Huang, Zhiheng and Xu, Wei and Yu, Kai},
  journal={arXiv preprint arXiv:1508.01991},
  year={2015}
}

@inproceedings{Strubell,
  title={Fast and Accurate Entity Recognition with Iterated Dilated Convolutions},
  author={Strubell, Emma and Verga, Patrick and Belanger, David and McCallum, Andrew},
  booktitle={Proceedings of the 2017 Conference on Empirical Methods in Natural Language Processing},
  pages={2670--2680},
  year={2017}
}

@inproceedings{Jansson,
  title={Distributed representation, lda topic modelling and deep learning for emerging named entity recognition from social media},
  author={Jansson, Patrick and Liu, Shuhua},
  booktitle={Proceedings of the 3rd Workshop on Noisy User-generated Text},
  pages={154--159},
  year={2017}
}

@article{Wu,
  title={Named entity recognition in Chinese clinical text using deep neural network},
  author={Wu, Yonghui and Jiang, Min and Lei, Jianbo and Xu, Hua},
  journal={Studies in health technology and informatics},
  volume={216},
  pages={624},
  year={2015},
  publisher={NIH Public Access}
}

@incollection{zhou,
  title={Joint extraction of multiple relations and entities by using a hybrid neural network},
  author={Zhou, Peng and Zheng, Suncong and Xu, Jiaming and Qi, Zhenyu and Bao, Hongyun and Xu, Bo},
  booktitle={Chinese Computational Linguistics and Natural Language Processing Based on Naturally Annotated Big Data},
  pages={135--146},
  year={2017},
  publisher={Springer}
}

@inproceedings{Katiyar,
  title={Nested named entity recognition revisited},
  author={Katiyar, Arzoo and Cardie, Claire},
  booktitle={Proceedings of the 2018 Conference of the North American Chapter of the Association for Computational Linguistics: Human Language Technologies, Volume 1 (Long Papers)},
  volume={1},
  pages={861--871},
  year={2018}
}

@inproceedings{Ju,
  title={A neural layered model for nested named entity recognition},
  author={Ju, Meizhi and Miwa, Makoto and Ananiadou, Sophia},
  booktitle={Proceedings of the 2018 Conference of the North American Chapter of the Association for Computational Linguistics: Human Language Technologies, Volume 1 (Long Papers)},
  volume={1},
  pages={1446--1459},
  year={2018}
}

@inproceedings{Shen,
  title={Deep Active Learning for Named Entity Recognition},
  author={Shen, Yanyao and Yun, Hyokun and Lipton, Zachary and Kronrod, Yakov and Anandkumar, Animashree},
  booktitle={Proceedings of the 2nd Workshop on Representation Learning for NLP},
  pages={252--256},
  year={2017}
}

@inproceedings{Akbik,
  title={Contextual string embeddings for sequence labeling},
  author={Akbik, Alan and Blythe, Duncan and Vollgraf, Roland},
  booktitle={Proceedings of the 27th International Conference on Computational Linguistics},
  pages={1638--1649},
  year={2018}
}

@article{Bengio,
  title={A neural probabilistic language model},
  author={Bengio, Yoshua and Ducharme, R{\'e}jean and Vincent, Pascal and Jauvin, Christian},
  journal={Journal of machine learning research},
  volume={3},
  number={Feb},
  pages={1137--1155},
  year={2003}
}

@article{Mikolov,
  title={Efficient estimation of word representations in vector space},
  author={Mikolov, Tomas and Chen, Kai and Corrado, Greg and Dean, Jeffrey},
  journal={arXiv preprint arXiv:1301.3781},
  year={2013}
}

@article{Hochreit,
  title={Long short-term memory},
  author={Hochreiter, Sepp and Schmidhuber, J{\"u}rgen},
  journal={Neural computation},
  volume={9},
  number={8},
  pages={1735--1780},
  year={1997},
  publisher={MIT Press}
}

@inproceedings{JLi,
  title={SegBot: A Generic Neural Text Segmentation Model with Pointer Network.},
  author={Li, Jing and Sun, Aixin and Joty, Shafiq},
  booktitle={IJCAI},
  pages={4166--4172},
  year={2018}
}

@inproceedings{Kuru,
  title={Charner: Character-level named entity recognition},
  author={Kuru, Onur and Can, Ozan Arkan and Yuret, Deniz},
  booktitle={Proceedings of COLING 2016, the 26th International Conference on Computational Linguistics: Technical Papers},
  pages={911--921},
  year={2016}
}

@article{Wei,
  title={Disease named entity recognition by combining conditional random fields and bidirectional recurrent neural networks},
  author={Wei, Qikang and Chen, Tao and Xu, Ruifeng and He, Yulan and Gui, Lin},
  journal={Database},
  volume={2016},
  year={2016},
  publisher={Oxford University Press}
}

@article{Devlin,
  title={Bert: Pre-training of deep bidirectional transformers for language understanding},
  author={Devlin, Jacob and Chang, Ming-Wei and Lee, Kenton and Toutanova, Kristina},
  journal={arXiv preprint arXiv:1810.04805},
  year={2018}
}

@inproceedings{Zhao,
  title={Chinese Name Entity Recognition Using Highway-LSTM-CRF},
  author={Zhao, DongYang and Huang, JiuMing and Jia, Yan},
  booktitle={Proceedings of the 2018 International Conference on Algorithms, Computing and Artificial Intelligence},
  pages={64},
  year={2018},
  organization={ACM}
}

@inproceedings{Yue,
  title={Chinese NER Using Lattice LSTM},
  author={Zhang, Yue and Yang, Jie},
  booktitle={Proceedings of the 56th Annual Meeting of the Association for Computational Linguistics (Volume 1: Long Papers)},
  volume={1},
  pages={1554--1564},
  year={2018}
}

@article{lzf,
  title={多特征融合的中文命名实体链接方法研究},
  author={林泽斐 and 欧石燕},
  journal={情报学报},
  volume={38},
  number={1},
  pages={68--78},
  year={2019}
}

@article{Wang,
  title={基于改进分词标注集的中文微博命名实体识别方法},
  author={王超 and 王峥},
  journal={计算机与数字工程},
  number={1},
  pages={44},
  year={2019}
}

@article{Graves,
  title={Framewise phoneme classification with bidirectional LSTM and other neural network architectures},
  author={Graves, Alex and Schmidhuber, J{\"u}rgen},
  journal={Neural Networks},
  volume={18},
  number={5-6},
  pages={602--610},
  year={2005},
  publisher={Elsevier}
}

@inproceedings{Yoon,
  title={Convolutional Neural Networks for Sentence Classification},
  author={Kim, Yoon},
  booktitle={Proceedings of the 2014 Conference on Empirical Methods in Natural Language Processing (EMNLP)},
  pages={1746--1751},
  year={2014}
}

@phdthesis{kang,
  title={基于主题模型和卷积神经网络的命名实体识别研究},
  author={康宁},
  year={2018},
  school={南京大学硕士学位论文}
}

@phdthesis{gong,
  title={中文命名实体识别与歧义消解研究},
  author={龚凌晖},
  year={2011},
  school={复旦大学硕士学位论文}
}

@article{Tensorflow,
  title={Tensorflow: Large-scale machine learning on heterogeneous distributed systems},
  author={Girija, Sanjay Surendranath}
}

@article{Adam,
  title={Adam: A method for stochastic optimization},
  author={Kingma, Diederik P and Ba, Jimmy},
  journal={arXiv preprint arXiv:1412.6980},
  year={2014}
}

@inproceedings{Xavier,
  title={Understanding the difficulty of training deep feedforward neural networks},
  author={Glorot, Xavier and Bengio, Yoshua},
  booktitle={Proceedings of the thirteenth international conference on artificial intelligence and statistics},
  pages={249--256},
  year={2010}
}

@inproceedings{Meizhi,
  title={A neural layered model for nested named entity recognition},
  author={Ju, Meizhi and Miwa, Makoto and Ananiadou, Sophia},
  booktitle={Proceedings of the 2018 Conference of the North American Chapter of the Association for Computational Linguistics: Human Language Technologies, Volume 1 (Long Papers)},
  volume={1},
  pages={1446--1459},
  year={2018}
}

@inproceedings{Yixue,
  title={Named Entity Recognition Among Chinese MicroBlog Based on Cascaded CRF},
  author={Xing, Yixue and Zhu, Yonghua and Zhang, Ke and Liu, Shenkai and Zhou, Jin},
  booktitle={2018 International Conference on Audio, Language and Image Processing (ICALIP)},
  pages={28--34},
  year={2018},
  organization={IEEE}
}

@article{taobao,
  title={Deep Cascade Multi-task Learning for Slot Filling in Online Shopping Assistant},
  author={Gong, Yu and Luo, Xusheng and Zhu, Yu and Ou, Wenwu and Li, Zhao and Zhu, Muhua and Zhu, Kenny Q and Lu Duan, Xi Chen},
  year={2019}
}

@article{junsheng,
  title={基于层叠条件随机场模型的中文机构名自动识别},
  author={周俊生 and 戴新宇 and 尹存燕 and 陈家骏},
  journal={电子学报},
  volume={34},
  number={5},
  pages={804--809},
  year={2006}
}

@inproceedings{Mohammad,
  title={Deep Exhaustive Model for Nested Named Entity Recognition},
  author={Sohrab, Mohammad Golam and Miwa, Makoto},
  booktitle={Proceedings of the 2018 Conference on Empirical Methods in Natural Language Processing},
  pages={2843--2849},
  year={2018}
}

@inproceedings{Arzoo,
  title={Nested named entity recognition revisited},
  author={Katiyar, Arzoo and Cardie, Claire},
  booktitle={Proceedings of the 2018 Conference of the North American Chapter of the Association for Computational Linguistics: Human Language Technologies, Volume 1 (Long Papers)},
  volume={1},
  pages={861--871},
  year={2018}
}

@phdthesis{Jia,
  title={基于混合层叠模型的命名实体识别研究},
  author={贾大宇},
  year={2016},
  school={东北大学硕士学位论文}
}

@article{yanqun,
  title={中文嵌套命名实体识别语料库的构建},
  author={李雁群 and 何云琪 and 钱龙华 and 周国栋},
  journal={中文信息学报},
  volume={32},
  number={8},
  pages={19--26}
}

@inproceedings{Zenan,
  title={Comparing CNN and LSTM character-level embeddings in BiLSTM-CRF models for chemical and disease named entity recognition},
  author={Zhai, Zenan and Nguyen, Dat Quoc and Verspoor, Karin},
  booktitle={Proceedings of the Ninth International Workshop on Health Text Mining and Information Analysis},
  pages={38--43},
  year={2018}
}

@inproceedings{Yaozong,
  title={Chinese Named Entity Recognition Based on CNN-BiLSTM-CRF},
  author={Jia, Yaozong and Xu, Xiaobin},
  booktitle={2018 IEEE 9th International Conference on Software Engineering and Service Science (ICSESS)},
  pages={1--4},
  year={2018},
  organization={IEEE}
}

@article{word2vec,
  title={Computing numeric representations of words in a high-dimensional space},
  author={Mikolov, Tomas and Chen, Kai and Corrado, Gregory S and Dean, Jeffrey A},
  year={2015},
  month=may # "~19",
  publisher={Google Patents},
  note={US Patent 9,037,464}
}

@inproceedings{Mikolov1,
  title={Distributed representations of words and phrases and their compositionality},
  author={Mikolov, Tomas and Sutskever, Ilya and Chen, Kai and Corrado, Greg S and Dean, Jeff},
  booktitle={Advances in neural information processing systems},
  pages={3111--3119},
  year={2013}
}
